@article{journalarticle,
	title = {This is a nonitalicized title: Convention calls for the subtitle to be capitalized},
	volume = {1},
	number = {1},
	journal = {Journal of Syntactic Theory},
	author = {Firstname Lastname},
	year = {2023},
	pages = {1001--1020},
	titletrans = {An English translation of the title, if it is not already in English: Only \texttt{title} needs to be translated}
}

@book{book,
	address = {City, Country/US State},
	title = {This is an italicized title: Convention calls for the subtitle to be capitalized},
	editor = {Firstname Lastname and Firstname Lastname},
	year = {2022},
	publisher = {Publishing Publishers Press},
	titletrans = {An English translation of the title, if it is not already in English: Only \texttt{title} needs to be translated}
}


@incollection{bookchapter,
	address = {City, Country/US State},
	publisher = {Publishing Publishers Press},
	title = {This is a nonitalicized title: Convention calls for the subtitle to be capitalized},
	booktitle = {This is an italicized title: Convention calls for the subtitle to be capitalized},
	author = {Firstname Lastname and Firstname Lastname and Firstname Lastname},
	editor = {Firstname Lastname and Firstname Lastname},
	year = {2021},
	pages = {1001--1020},
}



@phdthesis{thesis,
	title = {This is an italicized title: Convention calls for the subtitle to be capitalized},
	school = {University of a Place},
	address = {City, Country/US State},
	author = {Firstname Surname},
	year = {2024},
}

@unpublished{unpublished,
	title = {This is a nonitalicized title: Convention calls for the subtitle to be capitalized},
	author = {Firstname Surname},
	year = {2025},
	note = {\textbf{Work conducted at:} University of a Place. \textbf{Work presented at:} Event, University of a Place, month and day}
}

